{
  "leader": "04741cam a2200601 a 4500",
  "fields": [
    {
      "001": "ocn654029708"
    },
    {
      "003": "OCoLC"
    },
    {
      "005": "20220707101302.0"
    },
    {
      "008": "100917s2010\\\\\\\\nmuab\\\\\\\\b\\\\\\s001\\0\\eng\\\\"
    },
    {
      "010": {
        "ind1": "\\",
        "ind2": "\\",
        "subfields": [
          {
            "a": "  2010039360"
          }
        ]
      }
    },
    {
      "040": {
        "ind1": "\\",
        "ind2": "\\",
        "subfields": [
          {
            "a": "DNLM/DLC"
          },
          {
            "b": "eng"
          },
          {
            "c": "DLC"
          },
          {
            "d": "YDX"
          },
          {
            "d": "NLM"
          },
          {
            "d": "YDXCP"
          },
          {
            "d": "CDX"
          },
          {
            "d": "UKMGB"
          },
          {
            "d": "MIX"
          },
          {
            "d": "YUS"
          },
          {
            "d": "BDX"
          },
          {
            "d": "IG#"
          },
          {
            "d": "OCLCO"
          },
          {
            "d": "FDA"
          },
          {
            "d": "OCLCF"
          },
          {
            "d": "OCLCQ"
          },
          {
            "d": "I3U"
          },
          {
            "d": "OCLCQ"
          },
          {
            "d": "OCLCA"
          },
          {
            "d": "UWO"
          },
          {
            "d": "OCLCO"
          }
        ]
      }
    },
    {
      "016": {
        "ind1": "7",
        "ind2": "\\",
        "subfields": [
          {
            "a": "101541241"
          },
          {
            "2": "DNLM"
          }
        ]
      }
    },
    {
      "016": {
        "ind1": "7",
        "ind2": "\\",
        "subfields": [
          {
            "a": "015791053"
          },
          {
            "2": "Uk"
          }
        ]
      }
    },
    {
      "020": {
        "ind1": "\\",
        "ind2": "\\",
        "subfields": [
          {
            "a": "9780826348982"
          },
          {
            "q": "(pbk. ;"
          },
          {
            "q": "alk. paper)"
          }
        ]
      }
    },
    {
      "020": {
        "ind1": "\\",
        "ind2": "\\",
        "subfields": [
          {
            "a": "082634898X"
          },
          {
            "q": "(pbk. ;"
          },
          {
            "q": "alk. paper)"
          }
        ]
      }
    },
    {
      "024": {
        "ind1": "8",
        "ind2": "\\",
        "subfields": [
          {
            "a": "40019446887"
          }
        ]
      }
    },
    {
      "035": {
        "ind1": "\\",
        "ind2": "\\",
        "subfields": [
          {
            "a": "(OCoLC)654029708"
          }
        ]
      }
    },
    {
      "042": {
        "ind1": "\\",
        "ind2": "\\",
        "subfields": [
          {
            "a": "pcc"
          }
        ]
      }
    },
    {
      "043": {
        "ind1": "\\",
        "ind2": "\\",
        "subfields": [
          {
            "a": "n-mx---"
          }
        ]
      }
    },
    {
      "050": {
        "ind1": "0",
        "ind2": "0",
        "subfields": [
          {
            "a": "RA452.Y83"
          },
          {
            "b": "M43 2010"
          }
        ]
      }
    },
    {
      "060": {
        "ind1": "0",
        "ind2": "0",
        "subfields": [
          {
            "a": "2011 G-460"
          }
        ]
      }
    },
    {
      "060": {
        "ind1": "1",
        "ind2": "0",
        "subfields": [
          {
            "a": "WA 11 DM4"
          }
        ]
      }
    },
    {
      "082": {
        "ind1": "0",
        "ind2": "0",
        "subfields": [
          {
            "a": "362.1097265"
          },
          {
            "b": "MCC"
          }
        ]
      }
    },
    {
      "100": {
        "ind1": "1",
        "ind2": "\\",
        "subfields": [
          {
            "a": "McCrea, Heather L.,"
          },
          {
            "e": "author."
          }
        ]
      }
    },
    {
      "245": {
        "ind1": "1",
        "ind2": "0",
        "subfields": [
          {
            "a": "Diseased relations :"
          },
          {
            "b": "epidemics, public health, and state-building in Yucata\u0301n, Mexico, 1847-1924 /"
          },
          {
            "c": "Heather McCrea."
          }
        ]
      }
    },
    {
      "260": {
        "ind1": "\\",
        "ind2": "\\",
        "subfields": [
          {
            "a": "Albuquerque :"
          },
          {
            "b": "University of New Mexico Press,"
          },
          {
            "c": "2010."
          }
        ]
      }
    },
    {
      "300": {
        "ind1": "\\",
        "ind2": "\\",
        "subfields": [
          {
            "a": "xiv, 288 pages :"
          },
          {
            "b": "illustrations, maps ;"
          },
          {
            "c": "23 cm"
          }
        ]
      }
    },
    {
      "336": {
        "ind1": "\\",
        "ind2": "\\",
        "subfields": [
          {
            "a": "text"
          },
          {
            "b": "txt"
          },
          {
            "2": "rdacontent"
          }
        ]
      }
    },
    {
      "337": {
        "ind1": "\\",
        "ind2": "\\",
        "subfields": [
          {
            "a": "unmediated"
          },
          {
            "b": "n"
          },
          {
            "2": "rdamedia"
          }
        ]
      }
    },
    {
      "338": {
        "ind1": "\\",
        "ind2": "\\",
        "subfields": [
          {
            "a": "volume"
          },
          {
            "b": "nc"
          },
          {
            "2": "rdacarrier"
          }
        ]
      }
    },
    {
      "504": {
        "ind1": "\\",
        "ind2": "\\",
        "subfields": [
          {
            "a": "Includes bibliographical references (pages 251-277) and index."
          }
        ]
      }
    },
    {
      "505": {
        "ind1": "0",
        "ind2": "\\",
        "subfields": [
          {
            "a": "Introduction: Region, ethnography, and medicine in Yucata\u0301n, Mexico -- The politics of prevention : the Maya, smallpox, and vaccination campaigns -- On sacred ground : cholera, burial rites, and cemetery management -- Cholera and the caste war : civilizing campaigns and disease prevention -- Modernizing the periphery : henequen, the caste war, and yellow fever -- Disease prevention, the Rockefeller Foundation, and revolution in Yucata\u0301n, 1915-1924 -- Conclusion: Outsiders, disease, and public health in modern Yucata\u0301n, Mexico -- Afterword: H1N1 and the legacy of uncertainty."
          }
        ]
      }
    },
    {
      "520": {
        "ind1": "\\",
        "ind2": "\\",
        "subfields": [
          {
            "a": "This book examines the construction of modern Mexico through the lens of public health and disease. Nineteenth- and early twentieth-century Mexicans endured crushing epidemics, especially in tropical Yucatan, while the political and social order around them changed drastically. As federal and state governments took on more and more responsibility for public health policies, government was extending its reach into the private sphere. The Yucatan state in this period was intent on regulating the system of raising and selling foodstuffs, creating a system of mass vaccinations, eradicating pests, and controlling drinking water, all in the name of the welfare of the people. In a peripheral state like Yucatan, with its mostly rural, indigenous Maya population and its small creole elite, public health issues were thus folded into a larger ideology, pitting \"civilization\" against \"barbarism\" in order to make \"clean\" citizens out of what some perceived as the filthy, the disorderly, and the rebellious. Medical plans and legislation, however, often ran counter to long-practiced rituals of burial, mourning, food preparation, and care of the sick."
          }
        ]
      }
    },
    {
      "520": {
        "ind1": "\\",
        "ind2": "\\",
        "subfields": [
          {
            "a": "Mapping pivotal shifts in public health policy and the implementation of disease prevention campaigns, McCrea's account of state-building, citizenship, and insurrection shows us a regional Mexican identity born out of the intersection of disease, revolution, and modern medicine. Placing Yucatan at the center of an international labor force, global economics (due to the henequen boom), and the modernizing medical establishment, McCrea incorporates the region into a broader discussion about socioeconomic change and the pervasive role that health care, or lack thereof, plays in human society."
          }
        ]
      }
    },
    {
      "520": {
        "ind1": "\\",
        "ind2": "\\",
        "subfields": [
          {
            "a": "\"Explores an aspect of Mexican history untouched by other authors. There's nothing else out there on the long-neglected matter of health and disease.\"--Terry Rugeley, author of Rebellion Now and Forever: Mayas, Hispanics, and Caste War Violence in Yucatan, 1800-1880 --Book Jacket."
          }
        ]
      }
    },
    {
      "650": {
        "ind1": "\\",
        "ind2": "0",
        "subfields": [
          {
            "a": "Public health"
          },
          {
            "z": "Mexico"
          },
          {
            "z": "Yucata\u0301n (State)"
          }
        ]
      }
    },
    {
      "650": {
        "ind1": "\\",
        "ind2": "0",
        "subfields": [
          {
            "a": "Epidemics"
          },
          {
            "z": "Mexico"
          },
          {
            "z": "Yucata\u0301n (State)"
          }
        ]
      }
    },
    {
      "650": {
        "ind1": "\\",
        "ind2": "0",
        "subfields": [
          {
            "a": "Medical policy"
          },
          {
            "z": "Mexico"
          },
          {
            "z": "Yucata\u0301n (State)"
          }
        ]
      }
    },
    {
      "650": {
        "ind1": "1",
        "ind2": "2",
        "subfields": [
          {
            "a": "Disease Outbreaks"
          },
          {
            "x": "history"
          }
        ]
      }
    },
    {
      "650": {
        "ind1": "1",
        "ind2": "2",
        "subfields": [
          {
            "a": "Disease Outbreaks"
          },
          {
            "x": "prevention & control"
          }
        ]
      }
    },
    {
      "650": {
        "ind1": "2",
        "ind2": "2",
        "subfields": [
          {
            "a": "History, 19th Century"
          }
        ]
      }
    },
    {
      "650": {
        "ind1": "2",
        "ind2": "2",
        "subfields": [
          {
            "a": "History, 20th Century"
          }
        ]
      }
    },
    {
      "650": {
        "ind1": "2",
        "ind2": "2",
        "subfields": [
          {
            "a": "Indians, North American"
          },
          {
            "x": "history"
          }
        ]
      }
    },
    {
      "650": {
        "ind1": "2",
        "ind2": "2",
        "subfields": [
          {
            "a": "Social Medicine"
          },
          {
            "x": "history"
          }
        ]
      }
    },
    {
      "650": {
        "ind1": "2",
        "ind2": "2",
        "subfields": [
          {
            "a": "State Government"
          }
        ]
      }
    },
    {
      "651": {
        "ind1": "\\",
        "ind2": "2",
        "subfields": [
          {
            "a": "Mexico"
          }
        ]
      }
    },
    {
      "650": {
        "ind1": "\\",
        "ind2": "7",
        "subfields": [
          {
            "a": "Epidemics."
          },
          {
            "2": "fast"
          },
          {
            "0": "(OCoLC)fst00914079"
          }
        ]
      }
    },
    {
      "650": {
        "ind1": "\\",
        "ind2": "7",
        "subfields": [
          {
            "a": "Medical policy."
          },
          {
            "2": "fast"
          },
          {
            "0": "(OCoLC)fst01014505"
          }
        ]
      }
    },
    {
      "650": {
        "ind1": "\\",
        "ind2": "7",
        "subfields": [
          {
            "a": "Public health."
          },
          {
            "2": "fast"
          },
          {
            "0": "(OCoLC)fst01082238"
          }
        ]
      }
    },
    {
      "651": {
        "ind1": "\\",
        "ind2": "7",
        "subfields": [
          {
            "a": "Mexico"
          },
          {
            "z": "Yucata\u0301n (State)"
          },
          {
            "2": "fast"
          },
          {
            "0": "(OCoLC)fst01330523"
          }
        ]
      }
    },
    {
      "994": {
        "ind1": "\\",
        "ind2": "\\",
        "subfields": [
          {
            "a": "Z0"
          },
          {
            "b": "NYRVC"
          }
        ]
      }
    },
    {
      "948": {
        "ind1": "\\",
        "ind2": "\\",
        "subfields": [
          {
            "h": "NO HOLDINGS IN NYRVC - 114 OTHER HOLDINGS"
          }
        ]
      }
    },
    {
      "999": {
        "ind1": "\\",
        "ind2": "\\",
        "subfields": [
          {
            "a": "00000000017325"
          }
        ]
      }
    }
  ]
}